@article{oord2017neural,
  title={Neural Discrete Representation Learning},
  author={van den Oord, Aaron and Vinyals, Oriol and Kavukcuoglu, Koray},
  journal={arXiv preprint arXiv:1711.00937},
  year={2017}
}

@article{ge2023incontext,
  title={In-context Autoencoder for Context Compression in a Large Language Model},
  author={Ge, Tao and Hu, Jing and Wang, Lei and Wang, Xun and Chen, Si-Qing and Wei, Furu},
  journal={arXiv preprint arXiv:2307.06945},
  year={2023}
}

@misc{python3,
  title = {Python Language Reference, version 3.8.0},
  author = {{Python Software Foundation}},
  year = {2020},
  url = {https://www.python.org/}
}

@article{paszke2019pytorch,
  title={PyTorch: An Imperative Style, High-Performance Deep Learning Library},
  author={Paszke, Adam and Gross, Sam and Massa, Francisco and Lerer, Adam and Bradbury, James and Chanan, Gregory and Killeen, Trevor and Lin, Zeming and Gimelshein, Natalia and Antiga, Luca and Desmaison, Alban and others},
  journal={Advances in Neural Information Processing Systems},
  volume={32},
  year={2019},
  url={https://pytorch.org/}
}

@misc{wolf2020transformers,
  title={Transformers: State-of-the-Art Natural Language Processing},
  author={Wolf, Thomas and Debut, Lysandre and Sanh, Victor and Chaumond, Julien and Delangue, Clement and Moi, Anthony and Cistac, Pierric and Rault, Tim and Louf, RÃ©mi and Funtowicz, Morgan and Brew, Jamie},
  year={2020},
  url={https://huggingface.co/transformers/}
}

@misc{ggwave,
  title={GGWave: Audio Modulation/Communication Library, version 0.3.0},
  author={Schetinin, Sergey},
  year={2020},
  url={https://github.com/ggerganov/ggwave}
}

@misc{langgraph,
  title={LangGraph: Composable Graphs for Language Models, version 0.1.2},
  author={Chase, Harrison},
  year={2024},
  url={https://github.com/langchain-ai/langgraph}
}

@article{harris2020array,
  title={Array programming with {NumPy}},
  author={Harris, Charles R and Millman, K. Jarrod and van der Walt, St{\'e}fan J and Gommers, Ralf and Virtanen, Pauli and Cournapeau, David and Wieser, Eric and Taylor, Julian and Berg, Sebastian and Smith, Nathaniel J and others},
  journal={Nature},
  volume={585},
  number={7825},
  pages={357--362},
  year={2020},
  publisher={Nature Publishing Group},
  url={https://numpy.org/}
}

@article{pedregosa2011scikit,
  title={Scikit-learn: Machine Learning in Python},
  author={Pedregosa, Fabian and Varoquaux, Ga{\"e}l and Gramfort, Alexandre and Michel, Vincent and Thirion, Bertrand and Grisel, Olivier and Blondel, Mathieu and Prettenhofer, Peter and Weiss, Ron and Dubourg, Vincent and Vanderplas, Jake and Passos, Alexandre and Cournapeau, David and Brucher, Matthieu and Perrot, Matthieu and Duchesnay, Edouard},
  journal={Journal of Machine Learning Research},
  volume={12},
  pages={2825--2830},
  year={2011},
  url={https://scikit-learn.org/}
}
@misc{pyaudio,
  title = {PyAudio: Python bindings for PortAudio},
  author = {Huber, Hubert},
  year = {2021},
  note = {Available at https://people.csail.mit.edu/hubert/pyaudio/}
}

@misc{projectgutenberg,
  title = {Project Gutenberg},
  author = {{Project Gutenberg Organization}},
  year = {2024},
  note = {Available at https://www.gutenberg.org/}
}
